% Encoding: UTF-8
@Article{1,
author = {DATACOOK},
title = {plateforme de segmentation clients.  La segmentation clients, grands principes et utilisations},
url = {https://www.datacook.io/2021/01/01/segmentation-clients-principes-utilisations/},
year = {2021}
}
@BOOK{2,
author = {Alex Smola},
editor = {Cambrige University Press},
title = {Introduction to Machine Learning},
publisher = {Cambrige University Press},
year = {2008},
address = {United Kindom},
volume = {115 pages}
}
@Article{3,
author = {Agathe Guilloux},
title = {Introduction au Machine learning
et à la classification supervisee},
title = {Introduction au Machine learning
et à la classification supervisée},
url = {http://www.math-evry.cnrs.fr/_media/members/aguilloux/enseignements/machinelearningpython/slides.pdf},
year = {2016},
}
@Article{4,
author = {WIS ECOLES},
title = {Le machine learning et la segmentation client },
url = {https://www.wis-ecoles.com/machine-learning-segmentation-client/.},
year = {2022}
}
@Article{5,
author = {Ly, Thao},
title = {La Segmentation Client Grâce à La Data Science . Medium, 8 février 2019.  },
url = {https://thaoly-22574.medium.com/la-segmentation-client-gr%C3%A2ce-%C3%A0-ladata-
science-1af6caf8e52d.},
year = {2019}
}
@Article{6,
author = {LaPtiteAlsacienne},
title = {Quelle méthode utiliser pour analyser sa base clients },
url = {https://www.laptitealsacienne.com/methode-utiliser-analyser-baseclients/},
year = {2016}
}
@Article{7,
author = {Tutorials Point (I) Pvt. Ltd},
title = {Maching learning},
url = {https://www.tutorialspoint.com/machine_learning/machine_learning_tutorial.pdf},
year = {2019},
}
@Book{8,
author = { Shai Shalev-Shwartz and Shai Ben-David},
title = {Understanding Machine Learning:
From Theory to Algorithms},
editor = { Cambridge University Press},
year = {2014},
address = {UK},
volume = {449 pages}
}
@Article{9,
author = {HPE},
title = {Qu est-ce que le machine learning ? },
url = {https://www.hpe.com/be/fr/what-is/machine-learning.html},
year = {2014}
}
@Article{10,
author = {FUMERY Michael},
title = {Segmentation d’un fichier client | Machine Learning},
url = {https://www.slideshare.net/MichaelFUMERY1/segmentation-dun-fichier-clientmachine-
learning},
year = {2021}
}
@Article{11,
author = {Wizaly},
title = {Segmentation et clustering de la data : méthodes et enjeux },
url = {https://www.wizaly.fr/blog/data-science-intelligence-artificielle/segmentation-etclustering-
de-la-data-methodes-et-enjeux/},
year = {2019}
}
@Article{12,
author = {Sylvain},
title = {Comment le machine learning améliore la connaissance client | SeaBird . Cabinet de conseil en Actuariat, Finance, Assurance : Seabird },
url = {https://www.seabirdconseil.com/nos-decryptages/comment-ameliorer-la-connaissancedes-
assures-grace-au-machine-learning/},
year = {2022}
}
@Article{13,
author = {Mr. Mint},
title = {Apprendre le Machine Learning de A à Z.  Tout ce que vous voulez savoir sur l algorithme K-Means  },
url = {https://mrmint.fr/algorithme-k-means},
year = {2018}
}
@Article{14,
author = {Nikhil},
title = {Customer Segmentation using maching Learning},
url = {https://doi.org/10.3233/APC210200},
year = {2021}
}
@Book{15,
author = {Chloé-Agathe Azencott},
editor = {Dunod},
title = {Introduction au Machine Learning},
year = {2018},
volume = {180 Pages},
adress = {France}
}
@Article{16,
author = {Frédéric SUR },
title = {Introduction à l’apprentissage automatique },
year = {2022},
url ={https://members.loria.fr/FSur/enseignement/apprauto/poly_apprauto_FSur.pdf}
}
@Article{17,
author = {Xavier Dupré },
title = {Machine Learning, Statistiques et
Programmation },
year = {2021},
url ={http://www.xavierdupre.fr/app/mlstatpy/helpsphinx/mlstatpy_doc.pdf}
}
@Book{18,
author = {Aurélien Géron },
editor = {Dunod},
title = {machine learning avec scikit-learn  ,mise oeurvres et concept },
year = {2019},
volume = {320 Pages},
address = {France}
}
@Article{19,
author = {Customer Marketing },
title = {Segmenter grâce au Machine Learning:Quelle approche choisir },
url = {https://docplayer.fr/71936973-Segmenter-grace-au-machine-learning-quelle-approche-choisir.html},
year = {2020}
}
@Article{20,
author = {Microsoft },
title = {Intelligence artificielle et marketing :
la créativité humaine amplifiée},
year = {2018},
url = { https://advertiseonbing.blob.core.windows.net/blob/bingads/media/library/premium/insight/ai-ebook/msf20_013_ebk_bigrock_dec_2017_final-fr-fr.pdf?ext=.pdf}
}
@Article{21,
author = {Christophe PÈrignon},
title = {Machine Learning et nouvelles sources de données },
year = {2019},
url={https://ideas.repec.org/p/leo/wpaper/2739.html}
}

















































































































































































































































































































































































































